<?xml version="1.0" encoding="UTF-8"?><collection xmlns="http://www.loc.gov/MARC21/slim"><record><leader>00481nam--2200145-i-4500</leader><controlfield tag="001">000003346</controlfield><controlfield tag="002">20161230</controlfield><controlfield tag="005">20170211153428</controlfield><controlfield tag="008">060222s1000------------r-----000-0-eng-d</controlfield><datafield ind1=" " ind2=" " tag="100"><subfield code="a">Dugas, Rene M</subfield></datafield><datafield ind1=" " ind2=" " tag="245"><subfield code="a">Le methode dans la mecanique des quanta. (axiomatique, determinisme et representations</subfield></datafield><datafield ind1=" " ind2=" " tag="260"><subfield code="a">Paris</subfield><subfield code="b">Herman Et Cie</subfield><subfield code="c">1935</subfield></datafield><datafield ind1=" " ind2=" " tag="300"><subfield code="a">59 p</subfield></datafield><datafield ind1=" " ind2=" " tag="490"><subfield code="a">Actualites Scientifiques Et Industrielles 283 Exposes De Philosophie De Sciences</subfield></datafield><datafield ind1=" " ind2=" " tag="CAT"><subfield code="a">SYS</subfield><subfield code="c">20170211</subfield><subfield code="h">153428</subfield></datafield></record></collection>